%------------------------------------------------------------------------------------
% Bunge 1982 - Basic textbook 

@book{bunge1982texture,
  title={Texture analysis in materials science: mathematical methods},
  author={Bunge, H.J.},
  isbn={9780408106429},
  lccn={79040054},
  year={1982},
  publisher={Butterworths}
}

%------------------------------------------------------------------------------------
% Randle 2000 - Blue texture analysis text book

@book{Randle2000,
  title={Introduction to Texture Analysis: Macrotexture, Microtexture and Orientation Mapping},
  author={Randle, V. and Engler, O.},
  isbn={9789056992248},
  lccn={2002421351},
  year={2000},
  publisher={Taylor \& Francis}
}

%------------------------------------------------------------------------------------
% Kunze 2004 - good geological intro to quaternions for reference

@article{Quaternions,
year={2004},
issn={0882-8121},
journal={Mathematical Geology},
volume={36},
number={8},
doi={10.1023/B:MATG.0000048799.56445.59},
title={The {B}ingham Distribution of Quaternions and Its Spherical Radon Transform in Texture Analysis},
publisher={Kluwer Academic Publishers-Plenum Publishers},
keywords={rotations; crystallographic preferred orientations; texture components; fiber textures; pole figures; spherical statistics},
author={Kunze, Karsten and Schaeben, Helmut},
pages={917-943},
language={English},
}

%------------------------------------------------------------------------------------
% Mainprice 2014 - MTEX paper

@article{Mainprice,
author = {Mainprice, David and Bachmann, Florian and Hielscher, Ralf and Schaeben, Helmut}, 
title = {Descriptive tools for the analysis of texture projects with large datasets using {MTEX}: strength, symmetry and components},
volume = {409}, 
year = {2014}, 
doi = {10.1144/SP409.8},  
eprint = {http://sp.lyellcollection.org/content/early/2014/08/01/SP409.8.full.pdf+html}, 
journal = {Geological Society, London, Special Publications} 
}

%------------------------------------------------------------------------------------
% Skemer 2005 - M-index paper

@article{Skemer,
Author = {Skemer, P and Katayama, B and Jiang, ZT and Karato, S},
Title = {{The misorientation index: Development of a new method for calculating the strength of lattice-preferred orientation}},
Journal = {{Tectonophysics}},
Year = {{2005}},
Volume = {{411}},
Number = {{1-4}},
Pages = {{157-167}},
Month = {{DEC 23}},
Publisher = {{ELSEVIER SCIENCE BV}},
Address = {{PO BOX 211, 1000 AE AMSTERDAM, NETHERLANDS}},
Type = {{Article}},
Language = {{English}},
Affiliation = {{Skemer, P (Reprint Author), Yale Univ, Dept Geol \& Geophys, POB 208109, New Haven, CT 06520 USA.
   Yale Univ, Dept Geol \& Geophys, New Haven, CT 06520 USA.}},
DOI = {{10.1016/j.tecto.2005.08.023}},
ISSN = {{0040-1951}},
Keywords = {{olivine; anisotropy; J-index; M-index; texture index; misorientation
   angle; lattice-preferred orientation; fabric strength}},
Keywords-Plus = {{ELECTRON BACKSCATTER DIFFRACTION; OLIVINE; DEFORMATION; GRAINS; ALLOY}},
Research-Areas = {{Geochemistry \& Geophysics}},
Web-of-Science-Categories  = {{Geochemistry \& Geophysics}},
Author-Email = {{philip.skemer@yale.edu}},
Number-of-Cited-References = {{22}},
Times-Cited = {{79}},
Usage-Count-(Last-180-days) = {{4}},
Usage-Count-Since-2013 = {{15}},
Journal-ISO = {{Tectonophysics}},
Doc-Delivery-Number = {{995SO}},
Unique-ID = {{ISI:000234124300009}},
}

%------------------------------------------------------------------------------------
% Grimmer 1979 - First definition of 'disorientation'

@article{Grimmer1979,
title = "The distribution of disorientation angles if all relative orientations of neighbouring grains are equally probable ",
journal = "Scripta Metallurgica ",
volume = "13",
number = "2",
pages = "161 - 164",
year = "1979",
note = "",
issn = "0036-9748",
doi = "http://dx.doi.org/10.1016/0036-9748(79)90058-9",
author = "Hans Grimmer",
}

%------------------------------------------------------------------------------------
% Mackenzie 1957 - describes method of multiplying orientation by all symmetry operators in order to find the minimum rotation angle (i.e. disorientation)

@article{Mackenzie1957,
 ISSN = {00063444},
 author = {J. K. Mackenzie, M. J. Thomson},
 journal = {Biometrika},
 number = {1/2},
 pages = {205-210},
 publisher = {[Oxford University Press, Biometrika Trust]},
 title = {Some Statistics Associated with the Random Disorientation of Cubes},
 volume = {44},
 year = {1957},
}


%------------------------------------------------------------------------------------
% Wheeler 2001 - useful information on misorientation and symmetry 

@article{Wheeler2001,
year={2001},
issn={0010-7999},
journal={Contributions to Mineralogy and Petrology},
volume={141},
number={1},
doi={10.1007/s004100000225},
title={The petrological significance of misorientations between grains},
publisher={Springer-Verlag},
author={Wheeler, J. and Prior, D. and Jiang, Z. and Spiess, R. and Trimby, P.},
pages={109-124},
language={English}
}

%------------------------------------------------------------------------------------
% Comment on Skemer

@article{Schaeben2007,
Author = {Schaeben, Helmut},
Title = {{Comment on ``The misorientation index: {D}evelopment of a new method for
   calculating the strength of lattice-preferred orientation{''} by {P}hilip
   {S}kemer, {I}kuo {K}atayama, {Z}henting {J}iang, {S}hun-ichiro {K}arato}},
Journal = {{Tectonophysics}},
Year = {{2007}},
Volume = {{441}},
Number = {{1-4}},
Pages = {{115-117}},
Month = {{AUG 15}},
Publisher = {{ELSEVIER SCIENCE BV}},
Address = {{PO BOX 211, 1000 AE AMSTERDAM, NETHERLANDS}},
Type = {{Editorial Material}},
Language = {{English}},
Affiliation = {{Schaeben, H (Reprint Author), Freiberg Univ Mining \& Technol, Freiberg, Germany.
   Freiberg Univ Mining \& Technol, Freiberg, Germany.}},
DOI = {{10.1016/j.tecto.2007.05.003}},
ISSN = {{0040-1951}},
Research-Areas = {{Geochemistry \& Geophysics}},
Web-of-Science-Categories  = {{Geochemistry \& Geophysics}},
Author-Email = {{helmut.schaeben@geo.tu-freiberg.de}},
Number-of-Cited-References = {{8}},
Times-Cited = {{1}},
Usage-Count-(Last-180-days) = {{0}},
Usage-Count-Since-2013 = {{2}},
Journal-ISO = {{Tectonophysics}},
Doc-Delivery-Number = {{204NX}},
Unique-ID = {{ISI:000249052400007}},
}

%------------------------------------------------------------------------------------
% Andrew's MSAT paper - for elastic parts & general coding practice

@article{Walker,
title = "{MSAT} — {A} new toolkit for the analysis of elastic and seismic anisotropy ",
journal = "Computers and Geosciences ",
volume = "49",
number = "",
pages = "81 - 90",
year = "2012",
note = "",
issn = "0098-3004",
doi = "http://dx.doi.org/10.1016/j.cageo.2012.05.031",
author = "Andrew M. Walker and James Wookey",
keywords = "MATLAB",
keywords = "Anisotropy",
keywords = "Shear-wave splitting",
keywords = "Elasticity",
keywords = "Seismology "
}

%------------------------------------------------------------------------------------
% 1973 EBSD paper

@article{Harland1973,
author = { J. A.   Venables  and  C. J.   Harland },
title = {Electron back-scattering patterns: {A} new technique for obtaining crystallographic information in the scanning electron microscope},
journal = {Philosophical Magazine},
volume = {27},
number = {5},
pages = {1193-1200},
year = {1973},
doi = {10.1080/14786437308225827},
}

%------------------------------------------------------------------------------------
% EBSD specifically in rocks - provides good description

@article{Prior1999,
  title={The application of electron backscatter diffraction and orientation contrast imaging in the {SEM} to textural problems in rocks},
  author={Prior, David J and Boyle, Alan P and Brenker, Frank and Cheadle, Michael C and Day, Austin and Lopez, Gloria and Peruzzo, Luca and Potts, Graham J and Reddy, Steve and Spiess, Richard and others},
  journal={American Mineralogist},
  volume={84},
  number={11-12},
  pages={1741--1759},
  year={1999}
}

%------------------------------------------------------------------------------------
% EBSD - has good intro but focuses mainly on resolution issues.

@article{Zaefferer2007,
title = "On the formation mechanisms, spatial resolution and intensity of backscatter {K}ikuchi patterns ",
journal = "Ultramicroscopy ",
volume = "107",
number = "2–3",
pages = "254 - 266",
year = "2007",
note = "",
issn = "0304-3991",
doi = "http://dx.doi.org/10.1016/j.ultramic.2006.08.007",
author = "S. Zaefferer",
keywords = "Electron backscatter diffraction pattern",
keywords = "Thermal diffuse scattering",
keywords = "Spatial resolution",
keywords = "Dynamical electron diffraction "
}

%------------------------------------------------------------------------------------
% EBSD review paper

@article{Schwarzer1997,
title = {Automated crystal lattice orientation mapping using a computer-controlled {SEM} },
journal = "Micron ",
volume = "28",
number = "3",
pages = "249 - 265",
year = "1997",
note = "",
issn = "0968-4328",
doi = "http://dx.doi.org/10.1016/S0968-4328(97)00010-3",
author = "Robert A. Schwarzer",
}


%------------------------------------------------------------------------------------
% Good VPSC paper
% ALSO: motivation, mentions strain is hard to measure - hence why quantifying it 
% through tecture strength would be good

@article {Tommasi2000,
author = {Tommasi, Andréa and Mainprice, David and Canova, Gilles and Chastel, Yvan},
title = {Viscoplastic self-consistent and equilibrium-based modeling of olivine lattice preferred orientations: {I}mplications for the upper mantle seismic anisotropy},
journal = {Journal of Geophysical Research: Solid Earth},
volume = {105},
number = {B4},
issn = {2156-2202},
doi = {10.1029/1999JB900411},
pages = {7893--7908},
keywords = {Acoustic properties, Lithosphere, Mantle, Dynamics of lithosphere and mantle: general, Rheology: mantle},
year = {2000},
}

%------------------------------------------------------------------------------------
% Original VPSC for ANISOTROPIC materials with 'thorough discussion' of assumptions

@article{Lebensohn1993,
  title={A self-consistent anisotropic approach for the simulation of plastic deformation and texture development of polycrystals: application to zirconium alloys},
  author={Lebensohn, RA and Tom{\'e}, CN},
  journal={Acta metallurgica et materialia},
  volume={41},
  number={9},
  pages={2611--2624},
  year={1993},
  publisher={Elsevier}
}

%------------------------------------------------------------------------------------
% Original VPSC description

@article{Molinari1987,
title = "A self consistent approach of the large deformation polycrystal viscoplasticity",
journal = "Acta Metallurgica ",
volume = "35",
number = "12",
pages = "2983 - 2994",
year = "1987",
note = "",
issn = "0001-6160",
doi = "http://dx.doi.org/10.1016/0001-6160(87)90297-5",
author = "A. Molinari and G.R. Canova and S. Ahzi"
}

%------------------------------------------------------------------------------------
% Used VPSC to model ice crystals, has good diagram 

@article {Castelnau1996,
author = {Castelnau, Olivier and Duval, Paul and Lebensohn, Ricardo A. and Canova, Gilles R.},
title = {Viscoplastic modeling of texture development in polycrystalline ice with a self-consistent approach: Comparison with bound estimates},
journal = {Journal of Geophysical Research: Solid Earth},
volume = {101},
number = {B6},
issn = {2156-2202},
doi = {10.1029/96JB00412},
pages = {13851--13868},
keywords = {Glaciology, Creep and deformation, Rheology: general},
year = {1996},
}

%------------------------------------------------------------------------------------
% VPSC through the Earth - useful in motivation section

@article{Wenk1999,
  title={A voyage through the deformed {E}arth with the self-consistent model},
  author={Wenk, Hans-Rudolf},
  journal={Modelling and Simulation in Materials Science and Engineering},
  volume={7},
  number={5},
  pages={699},
  year={1999},
  publisher={IOP Publishing}
}

%------------------------------------------------------------------------------------
% Good motivation paper - uses J and M-index (although doesn't increase with strain!!!

@article{Warren2008,
title = "Evolution of olivine lattice preferred orientation during simple shear in the mantle ",
journal = "Earth and Planetary Science Letters ",
volume = "272",
number = "3–4",
pages = "501 - 512",
year = "2008",
issn = "0012-821X",
doi = "http://dx.doi.org/10.1016/j.epsl.2008.03.063",
author = "Jessica M. Warren and Greg Hirth and Peter B. Kelemen",
}

%------------------------------------------------------------------------------------
% Upper mantle convection from seismic anistoropy

@article {Blackman2002,
author = {Blackman, Donna K. and Kendall, J.-Michael},
title = {Seismic anisotropy in the upper mantle 2. {P}redictions for current plate boundary flow models},
journal = {Geochemistry, Geophysics, Geosystems},
volume = {3},
number = {9},
issn = {1525-2027},
doi = {10.1029/2001GC000247},
pages = {1 of 26--26 of 26},
year = {2002},
note = {8602},
}

%------------------------------------------------------------------------------------
% For motivation - can get info on texture from seismic anisotropy info, so can therefore get texture index and relate to strain?

@article{Tommasi1999,
title = "Upper mantle tectonics: three-dimensional deformation, olivine crystallographic fabrics and seismic properties ",
journal = "Earth and Planetary Science Letters ",
volume = "168",
number = "1–2",
pages = "173 - 186",
year = "1999",
note = "",
issn = "0012-821X",
doi = "http://dx.doi.org/10.1016/S0012-821X(99)00046-1",
author = "Andréa Tommasi and Basil Tikoff and Alain Vauchez",
}

%------------------------------------------------------------------------------------
% Scientific computing practices

@article{Wilson2014,
Author = {Wilson, Greg and Aruliah, D. A. and Brown, C. Titus and Hong, Neil P.
   Chue and Davis, Matt and Guy, Richard T. and Haddock, Steven H. D. and
   Huff, Kathryn D. and Mitchell, Ian M. and Plumbley, Mark D. and Waugh,
   Ben and White, Ethan P. and Wilson, Paul},
Title = {{Best Practices for Scientific Computing}},
Journal = {{Plos Biology}},
Year = {{2014}},
Volume = {{12}},
Number = {{1}},
Month = {{JAN}},
Publisher = {{PUBLIC LIBRARY SCIENCE}},
Address = {{1160 BATTERY STREET, STE 100, SAN FRANCISCO, CA 94111 USA}},
DOI = {{10.1371/journal.pbio.1001745}},
Article-Number = {{e1001745}},
ISSN = {{1545-7885}},
Number-of-Cited-References = {{68}},
Times-Cited = {{15}},
Usage-Count-(Last-180-days) = {{11}},
Usage-Count-Since-2013 = {{17}},
Journal-ISO = {{PLoS. Biol.}},
Doc-Delivery-Number = {{AI4JT}},
Unique-ID = {{ISI:000336832200002}},
}
